<collection xmlns="http://www.loc.gov/MARC21/slim">
<record>
  <leader>00427na 0a22001211i 450 </leader>
  <controlfield tag="001">IT\ICCU\CNCE\075268</controlfield>
  <controlfield tag="005">20100524000000.0</controlfield>
  <datafield tag="100" ind1=" " ind2=" ">
    <subfield code="a">20100524             0itac0103    ba</subfield>
  </datafield>
  <datafield tag="101" ind1=" " ind2=" ">
    <subfield code="a">LAT</subfield>
  </datafield>
  <datafield tag="200" ind1="1" ind2=" ">
    <subfield code="a">Regularum grammaticarum liber secundus de syntaxi, siue uerborum constructione</subfield>
  </datafield>
  <datafield tag="700" ind1=" " ind2="1">
    <subfield code="a">Terminio,</subfield>
    <subfield code="b">Vincenzo</subfield>
    <subfield code="3">IT\ICCU\CNCA\007229</subfield>
  </datafield>
  <datafield tag="790" ind1=" " ind2="1">
    <subfield code="a">Terminius,</subfield>
    <subfield code="b">Vincentius</subfield>
    <subfield code="3">IT\ICCU\CNCA\025361</subfield>
    <subfield code="z">Terminio, Vincenzo</subfield>
  </datafield>
  <datafield tag="801" ind1=" " ind2="3">
    <subfield code="a">IT</subfield>
    <subfield code="b">ICCU</subfield>
    <subfield code="c">20201115</subfield>
  </datafield>
</record>
</collection>
